% Encoding: UTF-8

@Article{gilbert_positive_1991,
  author    = {George T. Gilbert},
  title     = {Positive Definite Matrices and Sylvester's Criterion},
  journal   = {The American Mathematical Monthly},
  year      = {1991},
  volume    = {98},
  number    = {1},
  pages     = {44},
  month     = {jan},
  doi       = {10.2307/2324036},
  publisher = {{JSTOR}},
}

@Comment{jabref-meta: databaseType:bibtex;}
